<?xml version="1.0" encoding="UTF-8"?><collection><record><leader>06662ntm a2200601 a 4500</leader><controlfield tag="001">006806363</controlfield><controlfield tag="003">MiAaHDL</controlfield><controlfield tag="005">20190719000000.0</controlfield><controlfield tag="006">m        d        </controlfield><controlfield tag="007">cr bn ---auaua</controlfield><controlfield tag="008">090603s1827    xx            00| ||per d</controlfield><datafield tag="035" ind1=" " ind2=" "><subfield code="a">(MiU)006806363</subfield></datafield><datafield tag="035" ind1=" " ind2=" "><subfield code="a">sdr-miu006806363</subfield></datafield><datafield tag="040" ind1=" " ind2=" "><subfield code="a">MiU</subfield><subfield code="c">MiU</subfield><subfield code="e">amremm</subfield></datafield><datafield tag="043" ind1=" " ind2=" "><subfield code="a">n-us-mi</subfield></datafield><datafield tag="100" ind1="0" ind2=" "><subfield code="6">880-01</subfield><subfield code="a">Jalāl al-Dīn Rūmī,</subfield><subfield code="c">Maulana,</subfield><subfield code="d">1207-1273.</subfield></datafield><datafield tag="240" ind1="1" ind2="0"><subfield code="6">880-02</subfield><subfield code="a">Mas̲navī</subfield></datafield><datafield tag="245" ind1="1" ind2="3"><subfield code="6">880-03</subfield><subfield code="a">al-Mas̲navī al-Mawlavī al-Maʻnavī,</subfield><subfield code="f">[1243, i.e. 1827].</subfield></datafield><datafield tag="246" ind1="3" ind2=" "><subfield code="a">Mas̲navī-i maʻnavī</subfield></datafield><datafield tag="246" ind1="3" ind2=" "><subfield code="a">Mathnawī al-Mawlawī al-Maʻnawī</subfield></datafield><datafield tag="246" ind1="3" ind2=" "><subfield code="a">المثنوی المولوی المعنوی</subfield></datafield><datafield tag="246" ind1="3" ind2="0"><subfield code="i">Edge title (head):</subfield><subfield code="a">مثنوی</subfield></datafield><datafield tag="260" ind1=" " ind2=" "><subfield code="c">[1827].</subfield></datafield><datafield tag="300" ind1=" " ind2=" "><subfield code="a">310 leaves :</subfield><subfield code="b">paper ;</subfield><subfield code="c">254 x 152 (171 x 96) mm. bound to 257 x 158 mm.</subfield></datafield><datafield tag="500" ind1=" " ind2=" "><subfield code="a">Shelfmark: Ann Arbor, University of Michigan, Special Collections Library, Isl. Ms. 292</subfield></datafield><datafield tag="500" ind1=" " ind2=" "><subfield code="a">Origin: As appears in final colophon at close of sixth daftar on p.614, copied by ʻAbd Allāh ibn Aḥmad al-Fasāyī [al-Fasāʼī, reading first supplied in note by Muhammad Isa Waley dated May 1980 on catalogue card] with transcription completed Jumādá II 1243 [December 1827]. As appears in colophon on p.99, transcription of first daftar completed 1 Rabīʻ II (presumably of 1243 [ca. 22 October 1827]). As appears in colophon on p.299, transcription of third daftar completed in the latter part of Jumādá I 1243 [December 1827]. As appears on p.499, transcription of fifth daftar completed Jumādá I 1243 [December 1827].</subfield></datafield><datafield tag="500" ind1=" " ind2=" "><subfield code="a">Former shelfmark: "174 T. De M. [i.e. Tammaro De Marinis]" inscribed in pencil on recto of opening leaf (p.1) ; "50 / 12" in brown ink on recto of opening leaf (p.1) ; "١" in pencil on recto of opening leaf (p.1).</subfield></datafield><datafield tag="500" ind1=" " ind2=" "><subfield code="a">Binding: Heavy pasteboards covered in painted lacquerwork with spine in red leather ; Type III binding (without flap) ; likely two-piece binding ; doublures in fine painted lacquerwork with floral composition of three large blooms rising from a rooted stalk with leaves, all in gold on a red ground ; upper and lower covers carry central rectangular panel in brown with bronze flecks surrounded by borders of stalks and rules in bronze-gold as well as a band of delicate vegetal motifs with birds and fruits in shades of green, blue, white, red and orange ; sewn in yellow thread, two stations, reinforcements in dark blue thread ; worked chevron endbands in pink and yellow, good condition ; overall in fairly good condition with some abrasion, minor losses of laquer, etc. ; slightly ill-fitting and perhaps not original.</subfield></datafield><datafield tag="500" ind1=" " ind2=" "><subfield code="a">Support: non-European (likely Persian) laid paper with 10 laid lines per cm. (horizontal, quite distinct, some curving) and no chain lines plainly visible, transluscent and crisp though dense and sturdy, well-burnished to glossy, gray in color ; some cockling and creasing.</subfield></datafield><datafield tag="500" ind1=" " ind2=" "><subfield code="a">Decoration: Exquisite illuminated double-page opening (with illuminated headpiece / ʻunwān / sarlawḥ, gold cloud-bands and illuminated marginal decoration) at opening of each daftar (pp.6-7, 102-103, 188-189, 302-303, 394-395, 502-503), each unique but mainly involving rectangular piece with empty gold cartouche surmounted by rich well with w-shaped piece or dome set down in filled with floral vegetal decorations in shades of pink, orange, white, blue, yellow, and red on grounds of gold and dark blue and marginal decoration of saz leaves and floral forms chiefly in gold with red and blue accents ; preface to each daftar set in almond shaped medallion outlined in red rules ; written area surrounded by gold frame with outermost blue rule (divisions within defined by narrow gold bands outlined in black) ; keywords and headings rubricated or in blue ink.</subfield></datafield><datafield tag="500" ind1=" " ind2=" "><subfield code="a">Script: Naskh ; compact Persianate hand in a medium line ; chiefly serifless with fairly straight and vertical ascenders, pointing in combination of distinct (two dots, one above the other) and conjoined dots (three dots, two conjoined and third above), adhering to baseline, curvilinear descenders (some sweeping dramatically), ascender of kāf often curved back with shaqq / sarkash gently curving up, partially vocalized.</subfield></datafield><datafield tag="500" ind1=" " ind2=" "><subfield code="a">Layout: Written in 25 lines per page with written area divided to four columns ; frame-ruled.</subfield></datafield><datafield tag="500" ind1=" " ind2=" "><subfield code="a">Collation: IV+2 (10), 37 IV(306), II (310) ; almost exclusively quaternions ; final leaves ruled but left blank (pp.615-619) ; catchwords present ; pagination in pencil, Western numerals, supplied during cataloguing.</subfield></datafield><datafield tag="500" ind1=" " ind2=" "><subfield code="a">Colophon: "Scribal," triangular, reads "قد تم هذا المثنوی المولوی المعنوی بید عبد الله ابن احمد الفسایی فی یوم الخمیس شهر جمادی الاخری سنه ثلث و اربعون و مائتين بعد الالف من الهجره النبویة علیه واله تم م م م م م"</subfield></datafield><datafield tag="500" ind1=" " ind2=" "><subfield code="a">Explicit: "دردل من آن سخن زان مینمنه است زانکه ازدل جانب دل روزنه است</subfield></datafield><datafield tag="500" ind1=" " ind2=" "><subfield code="a">Incipit: "هذا کتاب المثنوی وهو اصول اصول اصول الدین فی کشف اسرار الوصول والیقین ..."</subfield></datafield><datafield tag="500" ind1=" " ind2=" "><subfield code="a">Title from colophons on pp.99, 299, 499 and 614.</subfield></datafield><datafield tag="500" ind1=" " ind2=" "><subfield code="a">Ms. codex.</subfield></datafield><datafield tag="510" ind1="4" ind2=" "><subfield code="a">Cat. Pers. MSS. Brit. Mus.,</subfield><subfield code="c">p. 584b</subfield></datafield><datafield tag="520" ind1="8" ind2=" "><subfield code="a">Elegant copy of Mawlānā Jalāl al-Dīn Rūmī’s didactic poetical work in double verses with Arabic preface. Contributions to the cataloguing from Elizabeth Kunze.</subfield></datafield><datafield tag="538" ind1=" " ind2=" "><subfield code="a">Mode of access: Internet.</subfield></datafield><datafield tag="541" ind1=" " ind2=" "><subfield code="c">Purchase ;</subfield><subfield code="a">Acquired by purchase (funds donated by Horace Rackham).</subfield><subfield code="d">1924.</subfield></datafield><datafield tag="546" ind1=" " ind2=" "><subfield code="a">Persian.</subfield></datafield><datafield tag="561" ind1=" " ind2=" "><subfield code="a">Effaced statement and seal impression on second page of Arabic preface (p.2) ; rare marginal corrections (see p.543 and 545), otherwise clean copy.</subfield></datafield><datafield tag="650" ind1=" " ind2="0"><subfield code="a">Manuscripts, Persian</subfield><subfield code="z">Michigan</subfield><subfield code="z">Ann Arbor.</subfield></datafield><datafield tag="650" ind1=" " ind2="0"><subfield code="a">Persian poetry</subfield><subfield code="y">747-1500.</subfield></datafield><datafield tag="650" ind1=" " ind2="0"><subfield code="a">Masnavis, Persian</subfield><subfield code="v">Early works to 1800.</subfield></datafield><datafield tag="650" ind1=" " ind2="0"><subfield code="a">Sufi poetry, Persian</subfield><subfield code="v">Early works to 1800.</subfield></datafield><datafield tag="655" ind1=" " ind2="7"><subfield code="a">Headpieces (layout features)</subfield><subfield code="y">19th century.</subfield><subfield code="2">aat</subfield></datafield><datafield tag="700" ind1="0" ind2=" "><subfield code="a">Abdülhamid</subfield><subfield code="b">II,</subfield><subfield code="c">Sultan of the Turks,</subfield><subfield code="d">1842-1918,</subfield><subfield code="e">former owner.</subfield></datafield><datafield tag="700" ind1="0" ind2=" "><subfield code="6">880-05</subfield><subfield code="a">ʻAbd Allāh ibn Aḥmad al-Fasāʼī,</subfield><subfield code="d">fl. 1827,</subfield><subfield code="e">scribe.</subfield></datafield><datafield tag="773" ind1="0" ind2=" "><subfield code="a">Abdul Hamid Collection.</subfield></datafield><datafield tag="880" ind1="0" ind2=" "><subfield code="6">700-05/</subfield><subfield code="a">عبد الله بن احمد الفسايى،</subfield><subfield code="e">ناسخ.</subfield></datafield><datafield tag="880" ind1="1" ind2="2"><subfield code="6">245-03/</subfield><subfield code="a">المثنوي المولوي المعنوي,</subfield><subfield code="f">[1243ه, 1827م].</subfield></datafield><datafield tag="880" ind1="1" ind2="0"><subfield code="6">240-02/</subfield><subfield code="a">مثنوي</subfield></datafield><datafield tag="880" ind1="0" ind2=" "><subfield code="6">100-01/</subfield><subfield code="a">جلال الدين رومى,</subfield><subfield code="c">مولانا.</subfield></datafield><datafield tag="CID" ind1=" " ind2=" "><subfield code="a">006806363</subfield></datafield><datafield tag="DAT" ind1="0" ind2=" "><subfield code="a">20190719102637.0</subfield><subfield code="b">20190719000000.0</subfield></datafield><datafield tag="DAT" ind1="1" ind2=" "><subfield code="a">20190719090653.0</subfield><subfield code="b">2019-07-19T16:10:25Z</subfield></datafield><datafield tag="DAT" ind1="2" ind2=" "><subfield code="a">2015-10-02T18:00:03Z</subfield></datafield><datafield tag="CAT" ind1=" " ind2=" "><subfield code="a">SDR-MIU</subfield><subfield code="d">EX LIBRIS - ALEPH</subfield><subfield code="l">prepare.pl-004-008</subfield></datafield><datafield tag="FMT" ind1=" " ind2=" "><subfield code="a">BK</subfield></datafield><datafield tag="HOL" ind1=" " ind2=" "><subfield code="0">sdr-miu006806363</subfield><subfield code="a">MiU</subfield><subfield code="b">SDR</subfield><subfield code="c">MIU</subfield><subfield code="p">mdp.39015079127885</subfield><subfield code="s">MIU</subfield><subfield code="1">006806363</subfield></datafield><datafield tag="974" ind1=" " ind2=" "><subfield code="b">MIU</subfield><subfield code="c">MIU</subfield><subfield code="d">20190719</subfield><subfield code="s">lit-dlps-dc</subfield><subfield code="u">mdp.39015079127885</subfield><subfield code="y">1827</subfield><subfield code="r">pd</subfield><subfield code="q">bib</subfield><subfield code="t">non-US bib date1 &lt; 1879</subfield></datafield></record></collection>